@book{controleessencial,
	Address = {Brasil},
	Author = {Paulo A. Maya},
	Date-Added = {2017-05-18},
	Date-Modified = {2013-05-18},
	Edition = {2},
	Organization = {http://biblioteca.ibge.gov.br/visualizacao/livros/liv23907.pdf},
	Publisher = {Pearson},
	Title = {Controle Essencial},
	Urlaccessdate = {19 mai 2017},
	Year = {2015}}
