@article{classroomguide,
	Author = {Apple Inc.},
	Journal = {Apple In.},
	Number = {1},
	Pages = {71-97},
	Title = {In search for a paradigm for the discipline of information systems},
	Volume = {1},
	Year = {1986}}

@misc{esp8266,
    author={Espressif},
    title={ESP8266 Specifications English},
    url={https://cdn-shop.adafruit.com/datasheets/ESP8266_Specifications_English.pdf},
    note={original document from Espressif Systems},
    publisher={Adafruit},
    year={2013}
}

@misc{wiki:mqtt,
   author = "Wikipedia",
   title = "MQTT --- {W}ikipedia{,} The Free Encyclopedia",
   year = "2017",
   url = "https://pt.wikipedia.org/wiki/MQTT",
   note = "Acessado 18/05/2017"
 }
 
@online{nodejs,
  author = {Joyent},
  title = {Node JS},
  year = 2017,
  url = {https://nodejs.org/en/},
  urldate = {28/05/2017}
}

@misc{firmware,
  author = {Surya Igor},
  title = {hm-10-firmware},
  year = {2016},
  publisher = {GitHub},
  journal = {GitHub repository},
  howpublished = {\url{https://github.com/suryasundarraj/hm-10-firmware}},
  commit = {327dceb385b209d7b4de243ffc45a9f98a3792ff}
}

@misc{loader,
  author = {RedBearLab},
  title = {CCLoader},
  year = {2014},
  publisher = {GitHub},
  journal = {GitHub repository},
  howpublished = {\url{https://github.com/RedBearLab/CCLoader/tree/master/Arduino/CCLoader}},
  commit = {2fcf0f3ff90f501dc176dfb58fb7149bc415f2b2}
}

@misc{location,
  author  = {Zhiheng Zhao and Ji Fang and George Q Huang}, 
  title   = {iBeacon enabled indoor positioning for warehouse management},
  journal = {IEEE Xplore},
  year    = 2016,
  howpublished = {\url{http://ieeexplore.ieee.org/document/7743254/}},
  note    = "Acessado 22/02/2017"
}

@misc{chair,
  author  = {Mingyu Park and Younghoon Song and Jaewon Lee}, 
  title   = {Design and Implementation of a smart chair system for IoT},
  journal = {IEEE Xplore},
  year    = 2016,
  howpublished = {\url{http://ieeexplore.ieee.org/document/7763406/}},
  note    = "Acessado 22/02/2017"
}